<?xml version="1.0" encoding="UTF-8"?>
<collection>
   <record>
      <leader>01596cam a2200433Ia 4500</leader>
      <controlfield tag="001">9915427698807426</controlfield>
      <controlfield tag="005">20221101144853.0</controlfield>
      <controlfield tag="008">890421s1872    nyu      f    001 0 eng  </controlfield>
      <datafield tag="010" ind1=" " ind2=" ">
         <subfield code="a">   05002644 </subfield>
      </datafield>
      <datafield tag="016" ind1="7" ind2=" ">
         <subfield code="a">CAT87882125</subfield>
         <subfield code="2">DNAL</subfield>
      </datafield>
      <datafield tag="035" ind1=" " ind2=" ">
         <subfield code="a">349243</subfield>
      </datafield>
      <datafield tag="035" ind1=" " ind2=" ">
         <subfield code="a">(OCoLC)15862816</subfield>
      </datafield>
      <datafield tag="035" ind1=" " ind2=" ">
         <subfield code="a">(DNAL)349243-naldb-Voyager</subfield>
      </datafield>
      <datafield tag="040" ind1=" " ind2=" ">
         <subfield code="a">AGL</subfield>
         <subfield code="b">eng</subfield>
         <subfield code="c">AGL</subfield>
         <subfield code="d">OCL</subfield>
         <subfield code="d">OCLCQ</subfield>
         <subfield code="d">KRTAS</subfield>
         <subfield code="d">OCLCQ</subfield>
         <subfield code="d">AGL</subfield>
      </datafield>
      <datafield tag="043" ind1=" " ind2=" ">
         <subfield code="a">n-us---</subfield>
      </datafield>
      <datafield tag="049" ind1=" " ind2=" ">
         <subfield code="a">AGLL</subfield>
      </datafield>
      <datafield tag="070" ind1="0" ind2=" ">
         <subfield code="a">SF285.3.R6</subfield>
         <subfield code="b">R</subfield>
      </datafield>
      <datafield tag="072" ind1=" " ind2="0">
         <subfield code="a">L100</subfield>
      </datafield>
      <datafield tag="072" ind1=" " ind2="0">
         <subfield code="a">L800</subfield>
      </datafield>
      <datafield tag="100" ind1="1" ind2=" ">
         <subfield code="a">Roorbach, Orville Ausustus,</subfield>
         <subfield code="d">1833-1893.</subfield>
      </datafield>
      <datafield tag="245" ind1="1" ind2="4">
         <subfield code="a">The horseowners' companion ; or, hints on the selection, purchase, and general management of the horse :</subfield>
         <subfield code="b">how to avoid disease and save money : with many useful hints and cautions to be noted and remembered by purchasers.</subfield>
      </datafield>
      <datafield tag="246" ind1="3" ind2=" ">
         <subfield code="a">Hints on the Selection, Purchase, and General Management of the Horse</subfield>
      </datafield>
      <datafield tag="260" ind1=" " ind2=" ">
         <subfield code="a">New York :</subfield>
         <subfield code="b">Happy Hours Co.,</subfield>
         <subfield code="c">[©1872]</subfield>
      </datafield>
      <datafield tag="300" ind1=" " ind2=" ">
         <subfield code="a">135 ;</subfield>
         <subfield code="c">17 cm</subfield>
      </datafield>
      <datafield tag="336" ind1=" " ind2=" ">
         <subfield code="a">text</subfield>
         <subfield code="b">txt</subfield>
         <subfield code="2">rdacontent</subfield>
      </datafield>
      <datafield tag="337" ind1=" " ind2=" ">
         <subfield code="a">unmediated</subfield>
         <subfield code="b">n</subfield>
         <subfield code="2">rdamedia</subfield>
      </datafield>
      <datafield tag="591" ind1=" " ind2=" ">
         <subfield code="b">NAL Reclamation</subfield>
      </datafield>
      <datafield tag="650" ind1=" " ind2="0">
         <subfield code="a">Horses</subfield>
         <subfield code="z">United States</subfield>
         <subfield code="x">Handbooks, manuals, etc.</subfield>
      </datafield>
      <datafield tag="650" ind1=" " ind2="0">
         <subfield code="a">Veterinary hygiene</subfield>
         <subfield code="z">United States.</subfield>
      </datafield>
      <datafield tag="650" ind1=" " ind2="3">
         <subfield code="a">Horses</subfield>
         <subfield code="z">United States</subfield>
         <subfield code="v">Handbooks, manuals, etc.</subfield>
      </datafield>
      <datafield tag="650" ind1=" " ind2="3">
         <subfield code="a">Veterinary hygiene</subfield>
         <subfield code="z">United States.</subfield>
      </datafield>
      <datafield tag="841" ind1=" " ind2=" ">
         <subfield code="a">x</subfield>
         <subfield code="b">8709220u    0   4   uu   1870922</subfield>
         <subfield code="e">z</subfield>
      </datafield>
      <datafield tag="852" ind1=" " ind2=" ">
         <subfield code="a">DNAL</subfield>
         <subfield code="i">SF285.3.R6 R</subfield>
      </datafield>
      <datafield tag="912" ind1=" " ind2=" ">
         <subfield code="a">nalcatalog</subfield>
      </datafield>
      <datafield tag="930" ind1=" " ind2=" ">
         <subfield code="a">20170927</subfield>
         <subfield code="b">20171009</subfield>
         <subfield code="c">00000000</subfield>
      </datafield>
      <datafield tag="938" ind1=" " ind2=" ">
         <subfield code="a">Kirtas Technologies, Inc.</subfield>
         <subfield code="b">KRTS</subfield>
         <subfield code="n">655093</subfield>
      </datafield>
      <datafield tag="945" ind1=" " ind2=" ">
         <subfield code="a">RAR</subfield>
         <subfield code="d">KAC</subfield>
         <subfield code="e">86/06/18</subfield>
         <subfield code="f">CM</subfield>
         <subfield code="g">87/05/29</subfield>
      </datafield>
      <datafield tag="946" ind1=" " ind2=" ">
         <subfield code="a">Other US</subfield>
      </datafield>
      <datafield tag="994" ind1=" " ind2=" ">
         <subfield code="a">92</subfield>
         <subfield code="b">AGL</subfield>
      </datafield>
   </record>
</collection>
